{1:F01UBSWCHZHX80A0000000000}{2:I940X           N}{3:{108:260101/260131}}{4:
:20:02470031130001
:25:CH220024724731130060Q
:28C:166/1
:60F:C260101USD1000,
:61:2601050105C2500,50NTRFNONREF//ZD81054ZD7776614
credit
:86:Z04?ACME CORP
incoming payment
:61:2601100110D300,25NTRFNONREF//ZD81057TI7461969
e-banking payment order
:86:Z44?SUPPLIER GMBH
invoice 4711
:61:2601150115D12,NCHGNONREF//ZD81058TI7461970
Third-Party Charges
:86:Z11?Third-Party Charges
fees
:62F:C260131USD3188,25
-}{5:{CHK:000000000000}}
